@article{barbara2023robustneuralnetworksjl,
   title   = {RobustNeuralNetworks.jl: a Package for Machine Learning and Data-Driven Control with Certified Robustness},
   author  = {Nicholas H. Barbara and Max Revay and Ruigang Wang and Jing Cheng and Ian R. Manchester},
   journal = {arXiv preprint arXiv:2306.12612},
   month   = {6},
   year    = {2023},
   url     = {https://arxiv.org/abs/2306.12612v1},
}